<?xml version="1.0"?>
<zs:searchRetrieveResponse xmlns:zs="http://docs.oasis-open.org/ns/search-ws/sruResponse"><zs:numberOfRecords>1</zs:numberOfRecords><zs:records><zs:record><zs:recordSchema/><zs:recordXMLEscaping>xml</zs:recordXMLEscaping><zs:recordData><opacRecord>
  <bibliographicRecord>
<record xmlns="http://www.loc.gov/MARC21/slim">
  <leader>04904cam a22005178i 4500</leader>
  <controlfield tag="001">15112677</controlfield>
  <controlfield tag="008">210601s2021    nyuab    b    001 0 eng  </controlfield>
  <controlfield tag="005">20211112212550.2</controlfield>
  <datafield tag="010" ind1=" " ind2=" ">
    <subfield code="a">  2021025790</subfield>
  </datafield>
  <datafield tag="035" ind1=" " ind2=" ">
    <subfield code="a">(OCoLC)1227087292</subfield>
  </datafield>
  <datafield tag="035" ind1=" " ind2=" ">
    <subfield code="a">15112677</subfield>
  </datafield>
  <datafield tag="040" ind1=" " ind2=" ">
    <subfield code="a">DLC</subfield>
    <subfield code="b">eng</subfield>
    <subfield code="e">rda</subfield>
    <subfield code="c">DLC</subfield>
    <subfield code="d">OCLCO</subfield>
    <subfield code="d">OCLCF</subfield>
    <subfield code="d">WIM</subfield>
    <subfield code="d">IH9</subfield>
    <subfield code="d">MTG</subfield>
  </datafield>
  <datafield tag="020" ind1=" " ind2=" ">
    <subfield code="a">9780374157357</subfield>
    <subfield code="q">(hardcover)</subfield>
  </datafield>
  <datafield tag="020" ind1=" " ind2=" ">
    <subfield code="a">0374157359</subfield>
    <subfield code="q">(hardcover)</subfield>
  </datafield>
  <datafield tag="042" ind1=" " ind2=" ">
    <subfield code="a">pcc</subfield>
  </datafield>
  <datafield tag="050" ind1="0" ind2="0">
    <subfield code="a">CB19</subfield>
    <subfield code="b">.G69 2021</subfield>
  </datafield>
  <datafield tag="082" ind1="0" ind2="4">
    <subfield code="a">901</subfield>
    <subfield code="b">G734de</subfield>
    <subfield code="2">23</subfield>
  </datafield>
  <datafield tag="100" ind1="1" ind2=" ">
    <subfield code="a">Graeber, David,</subfield>
    <subfield code="e">author.</subfield>
  </datafield>
  <datafield tag="245" ind1="1" ind2="4">
    <subfield code="a">The dawn of everything :</subfield>
    <subfield code="b">a new history of humanity /</subfield>
    <subfield code="c">David Graeber and David Wengrow.</subfield>
  </datafield>
  <datafield tag="246" ind1="3" ind2=" ">
    <subfield code="a">New history of humanity</subfield>
  </datafield>
  <datafield tag="250" ind1=" " ind2=" ">
    <subfield code="a">First American edition.</subfield>
  </datafield>
  <datafield tag="264" ind1=" " ind2="1">
    <subfield code="a">New York :</subfield>
    <subfield code="b">Farrar, Straus and Giroux,</subfield>
    <subfield code="c">2021.</subfield>
  </datafield>
  <datafield tag="264" ind1=" " ind2="4">
    <subfield code="c">&#xA9;2021</subfield>
  </datafield>
  <datafield tag="300" ind1=" " ind2=" ">
    <subfield code="a">xii, 692 pages :</subfield>
    <subfield code="b">illustrations, maps ;</subfield>
    <subfield code="c">24 cm</subfield>
  </datafield>
  <datafield tag="336" ind1=" " ind2=" ">
    <subfield code="a">text</subfield>
    <subfield code="b">txt</subfield>
    <subfield code="2">rdacontent</subfield>
  </datafield>
  <datafield tag="337" ind1=" " ind2=" ">
    <subfield code="a">unmediated</subfield>
    <subfield code="b">n</subfield>
    <subfield code="2">rdamedia</subfield>
  </datafield>
  <datafield tag="338" ind1=" " ind2=" ">
    <subfield code="a">volume</subfield>
    <subfield code="b">nc</subfield>
    <subfield code="2">rdacarrier</subfield>
  </datafield>
  <datafield tag="500" ind1=" " ind2=" ">
    <subfield code="a">"Originally published in 2021 by Allen Lane, Great Britain"--Title page verso.</subfield>
  </datafield>
  <datafield tag="504" ind1=" " ind2=" ">
    <subfield code="a">Includes bibliographical references (pages 611-673) and index.</subfield>
  </datafield>
  <datafield tag="505" ind1="0" ind2=" ">
    <subfield code="a">Farewell to humanity's childhood, Or, why this is not a book about the origins of inequality -- Wicked liberty: The indigenous critique and the myth of progress -- Unfreezing the Ice Age: In and out of chains: the protean possibilities of human politics -- Free people, the origin of cultures, and the advent of private property (not necessarily in that order) -- Many seasons ago: Why Canadian foragers kept slaves and their Californian neighbours didn't; or, the problem with 'modes of production' -- Gardens of Adonis: The revolution that never happened: how Neolithic peoples avoided agriculture -- The ecology of freedom: How farming first hopped, stumbled and bluffed its way around the world -- Imaginary cities: Eurasia's first urbanites -- in Mesopotamia, the Indus Valley, Ukraine and China -- and how they built cities without kings -- Hiding in plain sight: The indigenous origins of social housing and democracy in the Americas -- Why the state has no origin: The humble beginnings of sovereignty, bureaucracy, and politics -- Full circle: On the historical foundations of the indigenous critique -- Conclusion: The dawn of everything.</subfield>
  </datafield>
  <datafield tag="520" ind1=" " ind2=" ">
    <subfield code="a">"A trailblazing account of human history, challenging our most fundamental assumptions about social evolution-from the development of agriculture and cities to the emergence of "the state," political violence, and social inequality-and revealing new possibilities for human emancipation. For generations, our remote ancestors have been cast as primitive and childlike&#x2014;either free and equal innocents, or thuggish and warlike. Civilization, we are told, could be achieved only by sacrificing those original freedoms or, alternatively, by taming our baser instincts. David Graeber and David Wengrow show how such theories first emerged in the eighteenth century as a conservative reaction to powerful critiques of European society posed by Indigenous observers and intellectuals. Revisiting this encounter has startling implications for how we make sense of human history today, including the origins of farming, property, cities, democracy, slavery, and civilization itself. Drawing on pathbreaking research in archaeology and anthropology, the authors show how history becomes a far more interesting place once we learn to throw off our conceptual shackles and perceive what&#x2019;s really there. If humans did not spend 95 percent of their evolutionary past in tiny bands of hunter-gatherers, what were they doing all that time? If agriculture, and cities, did not mean a plunge into hierarchy and domination, then what kinds of social and economic organization did they lead to? The answers are often unexpected, and suggest that the course of human history may be less set in stone, and more full of playful, hopeful possibilities, than we tend to assume. The Dawn of Everything fundamentally transforms our understanding of the human past and offers a path toward imagining new forms of freedom, new ways of organizing society."--</subfield>
    <subfield code="c">Provided by publisher.</subfield>
  </datafield>
  <datafield tag="650" ind1=" " ind2="0">
    <subfield code="a">Civilization</subfield>
    <subfield code="x">Philosophy.</subfield>
  </datafield>
  <datafield tag="650" ind1=" " ind2="0">
    <subfield code="a">Social history.</subfield>
  </datafield>
  <datafield tag="650" ind1=" " ind2="0">
    <subfield code="a">World history.</subfield>
  </datafield>
  <datafield tag="650" ind1=" " ind2="7">
    <subfield code="a">Civilization</subfield>
    <subfield code="x">Philosophy.</subfield>
    <subfield code="2">fast</subfield>
    <subfield code="0">(OCoLC)fst00862931</subfield>
  </datafield>
  <datafield tag="650" ind1=" " ind2="7">
    <subfield code="a">Social history.</subfield>
    <subfield code="2">fast</subfield>
    <subfield code="0">(OCoLC)fst01122498</subfield>
  </datafield>
  <datafield tag="650" ind1=" " ind2="7">
    <subfield code="a">World history.</subfield>
    <subfield code="2">fast</subfield>
    <subfield code="0">(OCoLC)fst01181345</subfield>
  </datafield>
  <datafield tag="700" ind1="1" ind2=" ">
    <subfield code="a">Wengrow, D.,</subfield>
    <subfield code="e">author.</subfield>
  </datafield>
  <datafield tag="938" ind1=" " ind2=" ">
    <subfield code="a">YBP Library Services</subfield>
    <subfield code="b">YANK</subfield>
    <subfield code="n">17155534</subfield>
  </datafield>
  <datafield tag="938" ind1=" " ind2=" ">
    <subfield code="a">Brodart</subfield>
    <subfield code="b">BROD</subfield>
    <subfield code="n">128316195</subfield>
  </datafield>
  <datafield tag="948" ind1="2" ind2=" ">
    <subfield code="a">20211112</subfield>
    <subfield code="b">m</subfield>
    <subfield code="d">Prefect</subfield>
    <subfield code="i">cleanup-035-oclc_2021-11-12.mrc</subfield>
  </datafield>
  <datafield tag="994" ind1=" " ind2=" ">
    <subfield code="a">Z0</subfield>
    <subfield code="b">COO</subfield>
  </datafield>
  <datafield tag="948" ind1=" " ind2=" ">
    <subfield code="h">NO HOLDINGS IN COO - 98 OTHER HOLDINGS</subfield>
  </datafield>
  <datafield tag="999" ind1="f" ind2="f">
    <subfield code="s">c177ebef-f806-45ed-8b84-2e25a02cba1f</subfield>
    <subfield code="i">0bc4fabe-a1ae-482e-bced-d51f5ec6abb3</subfield>
  </datafield>
  <datafield tag="952" ind1=" " ind2=" ">
    <subfield code="b">31924128478918</subfield>
    <subfield code="h">CB19 .G69 2021</subfield>
  </datafield>
  <datafield tag="952" ind1=" " ind2=" ">
    <subfield code="b">31924127029480</subfield>
    <subfield code="h">CB19 .G69 2021</subfield>
  </datafield>
</record>
  </bibliographicRecord>
<holdings>
 <holding>
  <typeOfRecord>c</typeOfRecord>
  <encodingLevel>3</encodingLevel>
  <receiptAcqStatus>1</receiptAcqStatus>
  <generalRetention> </generalRetention>
  <completeness>n</completeness>
  <dateOfReport>    00</dateOfReport>
  <nucCode>Cornell University</nucCode>
  <localLocation>Olin Library</localLocation>
  <shelvingLocation>Olin</shelvingLocation>
  <callNumber> CB19 .G69 2021 </callNumber>
  <copyNumber>2</copyNumber>
  <circulations>
   <circulation>
    <availableNow value="1"/>
    <itemId>31924128478918</itemId>
    <renewable value="0"/>
    <onHold value="0"/>
    <temporaryLocation>Olin Reserve</temporaryLocation>
   </circulation>
  </circulations>
 </holding>
 <holding>
  <typeOfRecord>c</typeOfRecord>
  <encodingLevel>3</encodingLevel>
  <receiptAcqStatus>1</receiptAcqStatus>
  <generalRetention> </generalRetention>
  <completeness>n</completeness>
  <dateOfReport>    00</dateOfReport>
  <nucCode>Cornell University</nucCode>
  <localLocation>Olin Library</localLocation>
  <shelvingLocation>Olin</shelvingLocation>
  <callNumber> CB19 .G69 2021 </callNumber>
  <circulations>
   <circulation>
    <availableNow value="0"/>
    <restrictions>Checked out</restrictions>
    <itemId>31924127029480</itemId>
    <renewable value="0"/>
    <onHold value="0"/>
    <temporaryLocation>Olin</temporaryLocation>
   </circulation>
  </circulations>
 </holding>
</holdings>
</opacRecord></zs:recordData><zs:recordPosition>1</zs:recordPosition></zs:record></zs:records><zs:echoedSearchRetrieveRequest><zs:version>2.0</zs:version><zs:queryType>pqf</zs:queryType><zs:query>@attr 1=12 15112677</zs:query><zs:maximumRecords>1</zs:maximumRecords><zs:recordXMLEscaping>xml</zs:recordXMLEscaping><zs:extraRequestData><zs:target>https://z3950.folio.ebsco.com/cornell</zs:target></zs:extraRequestData></zs:echoedSearchRetrieveRequest></zs:searchRetrieveResponse>
